<record><leader>00000cas a22000007a 4500</leader><controlfield tag="001">20507679</controlfield><controlfield tag="008">891018d18921909nduwr ne      0    0eng d</controlfield><datafield ind1=" " ind2=" " tag="010"><subfield code="a">sn 89074323 </subfield></datafield><datafield ind1=" " ind2=" " tag="040"><subfield code="a">NOP</subfield><subfield code="b">eng</subfield><subfield code="c">NOP</subfield><subfield code="d">OCLCQ</subfield></datafield><datafield ind1=" " ind2=" " tag="042"><subfield code="a">msc</subfield></datafield><datafield ind1="0" ind2=" " tag="130"><subfield code="a">Independent (Mandan, N.D.)</subfield></datafield><datafield ind1="1" ind2="4" tag="245"><subfield code="a">The Independent.</subfield></datafield><datafield ind1="1" ind2="3" tag="246"><subfield code="a">Independent and Mandan Democrat</subfield></datafield><datafield ind1=" " ind2=" " tag="260"><subfield code="a">Mandan, N.D. :</subfield><subfield code="b">North Dakota Print. Co.</subfield></datafield><datafield ind1=" " ind2=" " tag="300"><subfield code="a">17 v. :</subfield><subfield code="b">ill. ;</subfield><subfield code="c">50-55 cm.</subfield></datafield><datafield ind1=" " ind2=" " tag="310"><subfield code="a">Weekly</subfield></datafield><datafield ind1="1" ind2=" " tag="362"><subfield code="a">Began in Sept. 1892.</subfield></datafield><datafield ind1="0" ind2=" " tag="362"><subfield code="a">-v. 17, no. 15 (Jan. 8, 1909).</subfield></datafield><datafield ind1=" " ind2=" " tag="500"><subfield code="a">"Official Paper for Morton County [and] Official Paper for Oliver County", 1894; "Official Paper for Morton County", 1903-1907.</subfield></datafield><datafield ind1=" " ind2=" " tag="500"><subfield code="a">Published as: The Independent and Mandan Democrat, Nov. 27-Dec. 11, 1908.</subfield></datafield><datafield ind1=" " ind2=" " tag="530"><subfield code="a">Available on microfilm from the State Historical Society of North Dakota.</subfield></datafield><datafield ind1=" " ind2=" " tag="588"><subfield code="a">Description based on: Vol. 1, no. 16 (Dec. 31, 1892).</subfield></datafield><datafield ind1=" " ind2=" " tag="752"><subfield code="a">United States</subfield><subfield code="b">North Dakota</subfield><subfield code="c">Morton</subfield><subfield code="d">Mandan.</subfield></datafield><datafield ind1="0" ind2="5" tag="780"><subfield code="t">Democrat (Mandan, N.D.)</subfield><subfield code="w">(DLC)sn 89074322</subfield></datafield><datafield ind1="0" ind2="0" tag="785"><subfield code="t">Mandan news (Mandan, N.D. : 1909)</subfield><subfield code="w">(DLC)sn 89074324</subfield></datafield><datafield ind1="1" ind2=" " tag="029"><subfield code="a">AU@</subfield><subfield code="b">000025874124</subfield></datafield></record>